<?xml version="1.0" encoding="UTF-8"?><collection xmlns="http://www.loc.gov/MARC21/slim"><record><leader>00499nam--2200193-i-4500</leader><controlfield tag="001">000032986</controlfield><controlfield tag="002">20161230</controlfield><controlfield tag="005">20161230201039</controlfield><controlfield tag="008">060222s1000------------r-----000-0-rus-d</controlfield><datafield ind1=" " ind2=" " tag="040"><subfield code="a">IFIN-HH</subfield></datafield><datafield ind1=" " ind2=" " tag="041"><subfield code="a">rus</subfield></datafield><datafield ind1=" " ind2=" " tag="080"><subfield code="a">539.17:539.12.162.8</subfield></datafield><datafield ind1="1" ind2=" " tag="100"><subfield code="a">Denisov, F.P</subfield></datafield><datafield ind1="1" ind2="0" tag="245"><subfield code="a">Iadernie reaktii pri visokih energiah</subfield><subfield code="c">F.p. denisov, v.n. mehedov</subfield></datafield><datafield ind1=" " ind2=" " tag="260"><subfield code="a">Moskva</subfield><subfield code="b">Amtomizdat</subfield><subfield code="c">1972</subfield></datafield><datafield ind1=" " ind2=" " tag="300"><subfield code="a">232P</subfield></datafield><datafield ind1="1" ind2=" " tag="700"><subfield code="a">Mehedov, V.N</subfield></datafield><datafield ind1=" " ind2=" " tag="852"><subfield code="a">40263</subfield><subfield code="c">539.17</subfield></datafield><datafield ind1=" " ind2=" " tag="CAT"><subfield code="a">Sys</subfield><subfield code="c">20120611</subfield><subfield code="h">121615</subfield></datafield></record></collection>